@article{abms,
  year={2008},
  journal={SIAM Journal on Optimization},
  volume={18},
  title={On Augmented Lagrangian methods with general lower-level constraints},
  author={R. Andreani and E. G. Birgin and J. M. Mart\'{\i}nez and M. L. Schuverdt},
  pages={1286--1309}
  }

@ARTICLE{ahm,
      AUTHOR={R. Andreani and G. Haeser and J. M. Mart\'{\i}nez},
      TITLE={On sequential optimality conditions for smooth constrained optimization},
      JOURNAL={Optimization},
      VOLUME= {60},
      number={5},
      PAGES={627--641},
      YEAR={2011}}

@ARTICLE{cpg,
      AUTHOR={R. Andreani and G. Haeser and M. L. Schuverdt and P. J. S. Silva},
      TITLE={Two new weak constraint qualifications and applications},
      JOURNAL={SIAM Journal on Optimization},
      VOLUME= {22},
      PAGES={1109--1135},
      YEAR={2012}}

@ARTICLE{rcpld,
      AUTHOR={R. Andreani and G. Haeser and M. L. Schuverdt and P. J. S. Silva},
      TITLE={ A relaxed constant positive linear dependence constraint qualification and applications},
      JOURNAL={Mathematical Programming},
      VOLUME= {135},
      PAGES={255--273},
      YEAR={2012}}

@BOOK{bmbook,
      AUTHOR={E. G. Birgin and J. M. Mart\'{\i}nez},
      TITLE={Practical Augmented Lagrangian Methods for Constrained Optimization},
      PUBLISHER={SIAM Publications},
      ADDRESS={Philadelphia, PA},
      YEAR={2014}}

@ARTICLE{cpld,
      AUTHOR={L. Qi and Z. Wei},
      TITLE={On the constant positive linear dependence conditions and its application to {SQP} methods},
      JOURNAL={SIAM Journal on Optimization},
      VOLUME= {10},
      PAGES={963--981},
      YEAR={2000}}

@ARTICLE{crcq,
      AUTHOR={R. Janin},
      TITLE={Direction derivative of the marginal function in nonlinear 
programming},
      JOURNAL={Mathematical Programming Studies},
      VOLUME= {21},
      PAGES={127--138},
      YEAR={1984}}

	

@article{ccp,
author={R. Andreani and J. M. Mart\'{\i}nez and A. Ramos and P. J. S. Silva},
title={A cone-continuity constraint qualification and algorithmic consequences},
journal={SIAM Journal on Optimization},
volume={26},
pages={96--110},
number={1},
year={2016}}

@ARTICLE{bhr,
AUTHOR={E. G. Birgin and G. Haeser and A. Ramos},
TITLE={Augmented Lagrangians with constrained subproblems and convergence to second-order stationary points},
JOURNAL={Computational Optimization and Applications},
volume={69},
pages={51--75},
YEAR={2018}}

@article{seco,
author={E. G. Birgin and L. F. Bueno and J. M. Mart\'{\i}nez},
title={Sequential equality-constrained optimization for nonlinear programming},
journal={Computational Optimization and Applications},
volume={65},
pages={699--721},
year={2016}}

@article{LAgnep,
author = {Bueno, Luis Felipe and Haeser, Gabriel and Rojas, Frank Navarro},
title = {{Optimality Conditions and Constraint Qualifications for Generalized Nash Equilibrium Problems and Their Practical Implications}},
journal = {SIAM Journal on Optimization},
year = {2019},
volume = {29},
number = {1},
pages = {31--54},
month = jan
}



@Article{yaxyuan,
author="Y.-X. Yuan",
title="Analysis on a superlinearly convergent augmented Lagrangian method",
journal="Acta Mathematica Sinica, English Series",
year="2014",
volume="30",
number="1",
pages="1--10"}

@article{gondzio25,
author={J. Gondzio},
title={Interior point methods 25 years later},
journal={European Journal of Operational Research},
volume={218},
pages={587--601},
number={3},
year={2012}}

@ONLINE{HagerCoapSoftware,
  author = {William W. Hager},
  title = {{COAP} test problems: a  collection   of   optimization  problems},
  year = 2018,
  url = {http://users.clas.ufl.edu/hager/coap/format.html},
  urldate = {2018-06-01}
} 

@article{Dongarra:1987jk,
author = {Dongarra, Jack J and Grosse, Eric},
title = {{Distribution of mathematical software via electronic mail}},
journal = {Communications of the ACM},
year = {1987},
volume = {30},
number = {5},
pages = {403--407},
}

@article{Bezanson:2017g,
author = {Bezanson, Jeff and Edelman, Alan and Karpinski, Stefan and Shah, Viral B},
title = {{Julia: A Fresh Approach to Numerical Computing}},
journal = {SIAM Review},
year = {2017},
volume = {59},
number = {1},
pages = {65--98}
}

@article{Duff:2004cx,
author = {Duff, Iain S},
title = {{MA57---a code for the solution of sparse symmetric definite and indefinite systems}},
journal = {ACM Trans. Math. Softw.},
year = {2004},
volume = {30},
number = {2},
pages = {118--144}
}

@online{HSL:7NBcL3Rm,
title = {{HSL. A collection of Fortran codes for large-scale scientific computation}},
year = {2018},
url = {www.hsl.rl.ac.uk}
}

@article{John:2007jm,
author = {John, Elizabeth and Yildirim, E Alper},
title = {{Implementation of warm-start strategies in~interior-point methods for linear programming in~fixed dimension}},
journal = {Computational Optimization and Applications},
year = {2007},
volume = {41},
number = {2},
pages = {151--183}
}

@article{Yildirim:2002iy,
author = {Yildirim, E Alper and Wright, Stephen J},
title = {{Warm-Start Strategies in Interior-Point Methods for Linear Programming}},
journal = {SIAM Journal on Optimization},
year = {2002},
volume = {12},
number = {3},
pages = {782--810}
}
@article{Mehrotra:1992wr,
author = {Mehrotra, Sanjay},
title = {{On the Implementation of a Primal-Dual Interior Point Method}},
journal = {SIAM Journal on Optimization},
year = {1992},
volume = {2},
number = {4},
pages = {575--601}
}
@BOOK{bertsekas,
      AUTHOR={D. P. Bertsekas},
      TITLE={Nonlinear programming},
      PUBLISHER={Athena Scientific},
      ADDRESS={Belmont, Mass.},
      YEAR={1999}
}
@article{bixby,
title = "Recovering an optimal {LP} basis from an interior point solution",
journal = "Operations Research Letters",
volume = "15",
number = "4",
pages = "169 - 178",
year = "1994",
issn = "0167-6377",
author = "R. E. Bixby and M. J. Saltzman",
}
@Article{vavasis,
author="S. A. Vavasis and Y. Ye",
title="Identifying an optimal basis in linear programming",
journal="Annals of Operations Research",
year="1996",
volume="62",
number="1",
pages="565--572"
}
@Article{Ye1992,
author="Y. Ye",
title="On the finite convergence of interior-point algorithms for linear programming",
journal="Mathematical Programming",
year="1992",
volume="57",
number="1",
pages="325--335"
}

@article{yunier,
  author    = {J. G. Barrios and
               Jos{\'{e}} Yunier Bello Cruz and
               Orizon P. Ferreira and
               Sandor Z. N{\'{e}}meth},
  title     = {A semi-smooth Newton method for a special piecewise linear system
               with application to positively constrained convex quadratic programming},
  journal   = {J. Computational Applied Mathematics},
  volume    = {301},
  pages     = {91--100},
  year      = {2016}
}





@online{Haeser:2017wl,
author = {Haeser, Gabriel and Hinder, Oliver and Ye, Yinyu},
title = {{On the behavior of Lagrange multipliers in convex and non-convex infeasible interior point methods}},
year = {2017},
eprint = {1707.07327},
eprinttype = {arxiv},
url = {https://arxiv.org/abs/1707.07327}
}


@article{Wachter:2005hk,
author = {W{\"a}chter, Andreas and Biegler, Lorenz T},
title = {{On the implementation of an interior-point filter line-search algorithm for large-scale nonlinear programming}},
journal = {Mathematical Programming},
year = {2005},
volume = {106},
number = {1},
pages = {25--57}
}

@phdthesis{buys,
  author       = {J. D. Buys}, 
  title        = {Dual algorithms for constrained optimization problems},
  school       = {University of Leiden},
  year         = {1972}
}

@BOOK{convbertsekas,
      AUTHOR={D. P. Bertsekas},
      TITLE={Constrained optimization and Lagrange multiplier methods},
      PUBLISHER={Athena Scientific},
      ADDRESS={Belmont, Mass.},
      YEAR={1996}
}





@incollection{WrightALLP,
title = {An Approximate, Efficient LP Solver for LP Rounding},
author = {Sridhar, Srikrishna and Wright, Stephen and Re, Christopher and Liu, Ji and Bittorf, Victor and Zhang, Ce},
booktitle = {Advances in Neural Information Processing Systems 26},
editor = {C. J. C. Burges and L. Bottou and M. Welling and Z. Ghahramani and K. Q. Weinberger},
pages = {2895--2903},
year = {2013},
publisher = {Curran Associates, Inc.},
}




@incollection{RefMaculan,
title = {Sparse Linear Programming via Primal and Dual Augmented Coordinate Descent},
author = {Yen, Ian En-Hsu and Zhong, Kai and Hsieh, Cho-Jui and Ravikumar, Pradeep K and Dhillon, Inderjit S},
booktitle = {Advances in Neural Information Processing Systems 28},
editor = {C. Cortes and N. D. Lawrence and D. D. Lee and M. Sugiyama and R. Garnett},
pages = {2368--2376},
year = {2015},
publisher = {Curran Associates, Inc.},
}





@Article{GulerLALP1992,
author="G{\"u}ler, O.",
title="Augmented Lagrangian algorithms for linear programming",
journal="Journal of Optimization Theory and Applications",
year="1992",
month="Dec",
day="01",
volume="75",
number="3",
pages="445--470",
}

@BOOK{bertsekasCOA,
      AUTHOR={D. P. Bertsekas},
      TITLE={Convex Optimization Algorithms},
      PUBLISHER={Athena Scientific},
      ADDRESS={Belmont, Mass.},
      YEAR={2015}
}
